<?xml version="1.0" encoding="UTF-8"?><collection xmlns="http://www.loc.gov/MARC21/slim"><record><leader>00587nam--2200217-i-4500</leader><controlfield tag="001">000019774</controlfield><controlfield tag="002">20161230</controlfield><controlfield tag="005">20161230201033</controlfield><controlfield tag="008">060222s1000------------r-----000-0-eng-d</controlfield><datafield ind1=" " ind2=" " tag="020"><subfield code="a">0306311062</subfield></datafield><datafield ind1=" " ind2=" " tag="040"><subfield code="a">IFIN-HH</subfield></datafield><datafield ind1=" " ind2=" " tag="080"><subfield code="a">539.126.6</subfield></datafield><datafield ind1="1" ind2=" " tag="100"><subfield code="a">Donnachie, A</subfield></datafield><datafield ind1="1" ind2="0" tag="245"><subfield code="a">Electromagnetic interactions of hadrons</subfield><subfield code="c">A. donnachie, g. shaw (eds.)</subfield></datafield><datafield ind1=" " ind2=" " tag="260"><subfield code="a">New York</subfield><subfield code="b">Plenum Press</subfield><subfield code="c">1978</subfield></datafield><datafield ind1=" " ind2=" " tag="300"><subfield code="a">2 VOLUME</subfield></datafield><datafield ind1=" " ind2=" " tag="490"><subfield code="a">Nuclear Physics Monographs</subfield></datafield><datafield ind1="1" ind2=" " tag="700"><subfield code="a">Shaw, G</subfield><subfield code="e">Ed</subfield></datafield><datafield ind1="1" ind2=" " tag="787"><subfield code="a">Volume 2</subfield><subfield code="h">Xv + 574 P</subfield></datafield><datafield ind1=" " ind2=" " tag="852"><subfield code="a">46544</subfield><subfield code="c">539.12</subfield></datafield><datafield ind1=" " ind2=" " tag="CAT"><subfield code="a">Sys</subfield><subfield code="c">20111206</subfield><subfield code="h">125646</subfield></datafield></record></collection>